<?xml version="1.0" encoding="UTF-8"?><collection xmlns="http://www.loc.gov/MARC21/slim"><record><leader>00457nam--2200169-i-4500</leader><controlfield tag="001">000047287</controlfield><controlfield tag="002">20161230</controlfield><controlfield tag="005">20161230201046</controlfield><controlfield tag="008">060222s1000------------r-----000-0-eng-d</controlfield><datafield ind1=" " ind2=" " tag="040"><subfield code="a">IFIN-HH</subfield></datafield><datafield ind1=" " ind2=" " tag="080"><subfield code="a">518.1(042)</subfield></datafield><datafield ind1=" " ind2=" " tag="100"><subfield code="a">Werner, Helmut</subfield></datafield><datafield ind1=" " ind2=" " tag="245"><subfield code="a">Vorlesung uber approximationstheory</subfield></datafield><datafield ind1=" " ind2=" " tag="260"><subfield code="a">BERLIN, SPRINGER-VERLAG, 1966, 184 p</subfield></datafield><datafield ind1=" " ind2=" " tag="490"><subfield code="a">Lecture Notes In Mathematics</subfield><subfield code="v">vol.14</subfield></datafield><datafield ind1=" " ind2=" " tag="852"><subfield code="a">39826</subfield><subfield code="c">518.12</subfield></datafield><datafield ind1=" " ind2=" " tag="CAT"><subfield code="a">Sys</subfield><subfield code="c">20090702</subfield><subfield code="h">083220</subfield></datafield></record></collection>